@article{mitchell13,
  title = {Kondo effect with diverging hybridization: Possible realization in graphene with vacancies},
  author = {Mitchell, Andrew K. and Fritz, Lars},
  journal = {Phys. Rev. B},
  volume = {88},
  issue = {7},
  pages = {075104},
  numpages = {11},
  year = {2013},
  month = {Aug},
  publisher = {American Physical Society},
  doi = {10.1103/PhysRevB.88.075104},
  url = {https://link.aps.org/doi/10.1103/PhysRevB.88.075104}
}

%@article{soriano2011,
%  title={Magnetoresistance and magnetic ordering fingerprints in hydrogenated graphene},
%  author={Soriano, David and Leconte, Nicolas and Ordej{\'o}n, Pablo and Charlier, Jean-Christophe and Palacios, Juan-Jose and Roche, Stephan},
%  journal={Physical review letters},
%  volume={107},
%  number={1},
%  pages={016602},
%  year={2011},
%  publisher={APS}
%}


@article{haase2011magnetic,
  title={Magnetic moments and Kondo effect near vacancies and resonant scatterers in graphene},
  author={Haase, P and Fuchs, S and Pruschke, T and Ochoa, H and Guinea, F},
  journal={Physical Review B},
  volume={83},
  number={24},
  pages={241408},
  year={2011},
  publisher={APS}
}

@article{sofo2012magnetic,
  title={Magnetic structure of hydrogen-induced defects on graphene},
  author={Sofo, JO and Usaj, Gonzalo and Cornaglia, PS and Suarez, AM and Hern{\'a}ndez-Nieves, AD and Balseiro, CA},
  journal={Physical Review B},
  volume={85},
  number={11},
  pages={115405},
  year={2012},
  publisher={APS}
}


@article{moaied2014hydrogenation,
  title={Hydrogenation-induced ferromagnetism on graphite surfaces},
  author={Moaied, Mohammed and Alvarez, JV and Palacios, JJ},
  journal={Physical Review B},
  volume={90},
  number={11},
  pages={115441},
  year={2014},
  publisher={APS}
}


@article{wehling2007local,
  title={Local electronic signatures of impurity states in graphene},
  author={Wehling, TO and Balatsky, AV and Katsnelson, MI and Lichtenstein, AI and Scharnberg, K and Wiesendanger, R},
  journal={Physical Review B},
  volume={75},
  number={12},
  pages={125425},
  year={2007},
  publisher={APS}
}
@article{munoz2009,
  title = {Giant Magnetoresistance in Ultrasmall Graphene Based Devices},
  author = {Mu\~noz-Rojas, F. and Fern\'andez-Rossier, J. and Palacios, J. J.},
  journal = {Phys. Rev. Lett.},
  volume = {102},
  issue = {13},
  pages = {136810},
  numpages = {4},
  year = {2009},
  month = {Apr},
  publisher = {American Physical Society},
  doi = {10.1103/PhysRevLett.102.136810},
  url = {http://link.aps.org/doi/10.1103/PhysRevLett.102.136810}
}


@article{lado2016,
  title={Unconventional Yu--Shiba--Rusinov states in hydrogenated graphene},
  author={Lado, JL and Fern{\'a}ndez-Rossier, J},
  journal={2D Materials},
  volume={3},
  number={2},
  pages={025001},
  year={2016},
  publisher={IOP Publishing}
}

@article{settnes2015,
  title={Patched Green's function techniques for two-dimensional systems: Electronic behavior of bubbles and perforations in graphene},
  author={Settnes, Mikkel and Power, Stephen R and Lin, Jun and Petersen, Dirch H and Jauho, Antti-Pekka},
  journal={Physical Review B},
  volume={91},
  number={12},
  pages={125408},
  year={2015},
  publisher={APS}
}

@article{santos2012,
  title={Universal magnetic properties of sp3-type defects in covalently functionalized graphene},
  author={Santos, Elton JG and Ayuela, Andr{\'e}s and S{\'a}nchez-Portal, Daniel},
  journal={New Journal of Physics},
  volume={14},
  number={4},
  pages={043022},
  year={2012},
  publisher={IOP Publishing}
  url={http://stacks.iop.org/1367-2630/14/i=4/a=043022},
}




@article{Gonzalez2012,
  title = {Impurity states in the quantum spin Hall phase in graphene},
  author = {Gonz\'alez, J. W. and Fern\'andez-Rossier, J.},
  journal = {Phys. Rev. B},
  volume = {86},
  issue = {11},
  pages = {115327},
  numpages = {5},
  year = {2012},
  month = {Sep},
  publisher = {American Physical Society},
  doi = {10.1103/PhysRevB.86.115327},
  url = {http://link.aps.org/doi/10.1103/PhysRevB.86.115327}
}


@article{Wehling2007,
  title = {Local electronic signatures of impurity states in graphene},
  author = {Wehling, T. O. and Balatsky, A. V. and Katsnelson, M. I. and Lichtenstein, A. I. and Scharnberg, K. and Wiesendanger, R.},
  journal = {Phys. Rev. B},
  volume = {75},
  issue = {12},
  pages = {125425},
  numpages = {5},
  year = {2007},
  month = {Mar},
  publisher = {American Physical Society},
  doi = {10.1103/PhysRevB.75.125425},
  url = {http://link.aps.org/doi/10.1103/PhysRevB.75.125425}
}


@article{kumazaki2007,
  title={Possible vacancy-induced magnetism on a half-filled honeycomb lattice},
  author={Kumazaki, Hideki and S. Hirashima, Dai},
  journal={Journal of the Physical Society of Japan},
  volume={76},
  number={3},
  pages={034707},
  year={2007},
  publisher={The Physical Society of Japan}
}

@article{Pereira2006,
  title = {Disorder Induced Localized States in Graphene},
  author = {Pereira, Vitor M. and Guinea, F. and Lopes dos Santos, J. M. B. and Peres, N. M. R. and Castro Neto, A. H.},
  journal = {Phys. Rev. Lett.},
  volume = {96},
  issue = {3},
  pages = {036801},
  numpages = {4},
  year = {2006},
  month = {Jan},
  publisher = {American Physical Society},
  doi = {10.1103/PhysRevLett.96.036801},
  url = {http://link.aps.org/doi/10.1103/PhysRevLett.96.036801}
}


@article{Pereira2008,
  title = {Modeling disorder in graphene},
  author = {Pereira, Vitor M. and Lopes dos Santos, J. M. B. and Castro Neto, A. H.},
  journal = {Phys. Rev. B},
  volume = {77},
  issue = {11},
  pages = {115109},
  numpages = {17},
  year = {2008},
  month = {Mar},
  publisher = {American Physical Society},
  doi = {10.1103/PhysRevB.77.115109},
  url = {http://link.aps.org/doi/10.1103/PhysRevB.77.115109}
}




@article{elias2009,
  author = {Elias, D. C. and Nair, R. R. and Mohiuddin, T. M. G. and Morozov, S. V. and Blake, P. and Halsall, M. P. and Ferrari, A. C. and Boukhvalov, D. W. and Katsnelson, M. I. and Geim, A. K. and Novoselov, K. S.},
  title = {Control of Graphene{\textquoteright}s Properties by Reversible Hydrogenation: Evidence for Graphane},
  volume = {323},
  number = {5914},
  pages = {610--613},
  year = {2009},
  doi = {10.1126/science.1167130},
  publisher = {American Association for the Advancement of Science},
  issn = {0036-8075},
  URL = {http://science.sciencemag.org/content/323/5914/610},
  eprint = {http://science.sciencemag.org/content/323/5914/610.full.pdf},
  journal = {Science}
}



@article{Slichter1955,
  title = {Spin Resonance of Impurity Atoms in Silicon},
  author = {Slichter, Charles P.},
  journal = {Phys. Rev.},
  volume = {99},
  issue = {2},
  pages = {479--480},
  numpages = {0},
  year = {1955},
  month = {Jul},
  publisher = {American Physical Society},
  doi = {10.1103/PhysRev.99.479},
  url = {http://link.aps.org/doi/10.1103/PhysRev.99.479}
}

@article{elias2009control,
  title={Control of graphene's properties by reversible hydrogenation: evidence for graphane},
  author={Elias, Daniel C and Nair, Rahul Raveendran and Mohiuddin, TMG and Morozov, SV and Blake, P and Halsall, MP and Ferrari, AC and Boukhvalov, DW and Katsnelson, MI and Geim, AK and others},
  journal={Science},
  volume={323},
  number={5914},
  pages={610--613},
  year={2009},
  publisher={American Association for the Advancement of Science}
}


@article{Jacob2010orbital,
  title = {Orbital selective and tunable Kondo effect of magnetic adatoms on graphene: Correlated electronic structure calculations},
  author = {Jacob, D. and Kotliar, G.},
  journal = {Phys. Rev. B},
  volume = {82},
  issue = {8},
  pages = {085423},
  numpages = {11},
  year = {2010},
  month = {Aug},
  publisher = {American Physical Society},
  doi = {10.1103/PhysRevB.82.085423},
  url = {http://link.aps.org/doi/10.1103/PhysRevB.82.085423}
}

@article{gonzalez2016atomic,
  title={Atomic-scale control of graphene magnetism by using hydrogen atoms},
  author={Gonz{\'a}lez-Herrero, H{\'e}ctor and G{\'o}mez-Rodr{\'\i}guez, Jos{\'e} M and Mallet, Pierre and Moaied, Mohamed and Palacios, Juan Jos{\'e} and Salgado, Carlos and Ugeda, Miguel M and Veuillen, Jean-Yves and Yndurain, F{\'e}lix and Brihuega, Iv{\'a}n},
  journal={Science},
  volume={352},
  number={6284},
  pages={437--441},
  year={2016},
  publisher={American Association for the Advancement of Science}
}

@article{anderson1961localized,
  title = {Localized Magnetic States in Metals},
  author = {Anderson, P. W.},
  journal = {Phys. Rev.},
  volume = {124},
  issue = {1},
  pages = {41--53},
  numpages = {0},
  year = {1961},
  month = {Oct},
  publisher = {American Physical Society},
  doi = {10.1103/PhysRev.124.41},
  url = {https://link.aps.org/doi/10.1103/PhysRev.124.41}
}


@article{Wiesendanger2009,
  title = {Spin mapping at the nanoscale and atomic scale},
  author = {Wiesendanger, Roland},
  journal = {Rev. Mod. Phys.},
  volume = {81},
  issue = {4},
  pages = {1495--1550},
  numpages = {0},
  year = {2009},
  month = {Nov},
  publisher = {American Physical Society},
  doi = {10.1103/RevModPhys.81.1495},
  url = {http://link.aps.org/doi/10.1103/RevModPhys.81.1495}
}



@article{loth2012bistability,
  title={Bistability in atomic-scale antiferromagnets},
  author={Loth, Sebastian and Baumann, Susanne and Lutz, Christopher P and Eigler, DM and Heinrich, Andreas J},
  journal={Science},
  volume={335},
  number={6065},
  pages={196--199},
  year={2012},
  publisher={American Association for the Advancement of Science}
}


@article{hirjibehedin2006spin,
  title={Spin coupling in engineered atomic structures},
  author={Hirjibehedin, Cyrus F and Lutz, Christopher P and Heinrich, Andreas J},
  journal={Science},
  volume={312},
  number={5776},
  pages={1021--1024},
  year={2006},
  publisher={American Association for the Advancement of Science}
}


@article{Weisse2006,
  title = {The kernel polynomial method},
  author = {Wei\ss{}e, Alexander and Wellein, Gerhard and Alvermann, Andreas and Fehske, Holger},
  journal = {Rev. Mod. Phys.},
  volume = {78},
  issue = {1},
  pages = {275--306},
  numpages = {0},
  year = {2006},
  month = {Mar},
  publisher = {American Physical Society},
  doi = {10.1103/RevModPhys.78.275},
  url = {http://link.aps.org/doi/10.1103/RevModPhys.78.275}
}

@article{jackson1912approximation,
  title={On approximation by trigonometric sums and polynomials},
  author={Jackson, Dunham},
  journal={Transactions of the American Mathematical society},
  volume={13},
  number={4},
  pages={491--515},
  year={1912},
  publisher={JSTOR}
}



@article{balakrishnan2013colossal,
  title={Colossal enhancement of spin-orbit coupling in weakly hydrogenated graphene},
  author={Balakrishnan, Jayakumar and Koon, Gavin Kok Wai and Jaiswal, Manu and Neto, AH Castro and {\"O}zyilmaz, Barbaros},
  journal={Nature Physics},
  volume={9},
  number={5},
  pages={284--287},
  year={2013},
  publisher={Nature Research}
}


@article{neto2009impurity,
  title={Impurity-induced spin-orbit coupling in graphene},
  author={Neto, AH Castro and Guinea, Francisco},
  journal={Physical review letters},
  volume={103},
  number={2},
  pages={026804},
  year={2009},
  publisher={APS}
}


@article{Soriano2010,
  title = {Hydrogenated graphene nanoribbons for spintronics},
  author = {Soriano, D. and Mu\~noz-Rojas, F. and Fern\'andez-Rossier, J. and Palacios, J. J.},
  journal = {Phys. Rev. B},
  volume = {81},
  issue = {16},
  pages = {165409},
  numpages = {7},
  year = {2010},
  month = {Apr},
  publisher = {American Physical Society},
  doi = {10.1103/PhysRevB.81.165409},
  url = {http://link.aps.org/doi/10.1103/PhysRevB.81.165409}
}

@article{Soriano2011,
  title = {Magnetoresistance and Magnetic Ordering Fingerprints in Hydrogenated Graphene},
  author = {Soriano, David and Leconte, Nicolas and Ordej\'on, Pablo and Charlier, Jean-Christophe and Palacios, Juan-Jose and Roche, Stephan},
  journal = {Phys. Rev. Lett.},
  volume = {107},
  issue = {1},
  pages = {016602},
  numpages = {4},
  year = {2011},
  month = {Jun},
  publisher = {American Physical Society},
  doi = {10.1103/PhysRevLett.107.016602},
  url = {http://link.aps.org/doi/10.1103/PhysRevLett.107.016602}
}

@article{Leconte2011,
  author = {Leconte, Nicolas and Soriano, David and Roche, Stephan and Ordejon, Pablo and Charlier, Jean-Christophe and Palacios, J. J.},
  doi = {10.1021/nn200558d},
  issn = {1936-0851},
  journal = {ACS Nano},
  month = {may},
  number = {5},
  pages = {3987--3992},
  title = {{Magnetism-Dependent Transport Phenomena in Hydrogenated Graphene: From Spin-Splitting to Localization Effects}},
  url = {http://pubs.acs.org/doi/abs/10.1021/nn200558d},
  volume = {5},
  year = {2011}
}

@article{Ijas2013,
  title = {Electronic states in finite graphene nanoribbons: Effect of charging and defects},
  author = {Ij\"as, M. and Ervasti, M. and Uppstu, A. and Liljeroth, P. and van der Lit, J. and Swart, I. and Harju, A.},
  journal = {Phys. Rev. B},
  volume = {88},
  issue = {7},
  pages = {075429},
  numpages = {13},
  year = {2013},
  month = {Aug},
  publisher = {American Physical Society},
  doi = {10.1103/PhysRevB.88.075429},
  url = {http://link.aps.org/doi/10.1103/PhysRevB.88.075429}
}


@article{Castro2009,
  title = {Impurity-Induced Spin-Orbit Coupling in Graphene},
  author = {Castro Neto, A. H. and Guinea, F.},
  journal = {Phys. Rev. Lett.},
  volume = {103},
  issue = {2},
  pages = {026804},
  numpages = {4},
  year = {2009},
  month = {Jul},
  publisher = {American Physical Society},
  doi = {10.1103/PhysRevLett.103.026804},
  url = {http://link.aps.org/doi/10.1103/PhysRevLett.103.026804}
}

@article{soriano2015,
  title={Spin transport in hydrogenated graphene},
  author={Soriano, David and Van Tuan, Dinh and Dubois, Simon MM and Gmitra, Martin and Cummings, Aron W and Kochan, Denis and Ortmann, Frank and Charlier, Jean-Christophe and Fabian, Jaroslav and Roche, Stephan},
  journal={2D Materials},
  volume={2},
  number={2},
  pages={022002},
  year={2015},
  publisher={IOP Publishing}
}

@article{Wojtaszek2013,
  title = {Enhancement of spin relaxation time in hydrogenated graphene spin-valve devices},
  author = {Wojtaszek, M. and Vera-Marun, I. J. and Maassen, T. and van Wees, B. J.},
  journal = {Phys. Rev. B},
  volume = {87},
  issue = {8},
  pages = {081402},
  numpages = {5},
  year = {2013},
  month = {Feb},
  publisher = {American Physical Society},
  doi = {10.1103/PhysRevB.87.081402},
  url = {http://link.aps.org/doi/10.1103/PhysRevB.87.081402}
}



@article{Sofo2007,
  title = {Graphane: A two-dimensional hydrocarbon},
  author = {Sofo, Jorge O. and Chaudhari, Ajay S. and Barber, Greg D.},
  journal = {Phys. Rev. B},
  volume = {75},
  issue = {15},
  pages = {153401},
  numpages = {4},
  year = {2007},
  month = {Apr},
  publisher = {American Physical Society},
  doi = {10.1103/PhysRevB.75.153401},
  url = {http://link.aps.org/doi/10.1103/PhysRevB.75.153401}
}




@article{han2014graphene,
  title={Graphene spintronics},
  author={Han, Wei and Kawakami, Roland K and Gmitra, Martin and Fabian, Jaroslav},
  journal={Nature nanotechnology},
  volume={9},
  number={10},
  pages={794--807},
  year={2014},
  publisher={Nature Research}
}

@article{gmitra13,
  title = {Spin-Orbit Coupling in Hydrogenated Graphene},
  author = {Gmitra, Martin and Kochan, Denis and Fabian, Jaroslav},
  journal = {Phys. Rev. Lett.},
  volume = {110},
  issue = {24},
  pages = {246602},
  numpages = {5},
  year = {2013},
  month = {Jun},
  publisher = {American Physical Society},
  doi = {10.1103/PhysRevLett.110.246602},
  url = {https://link.aps.org/doi/10.1103/PhysRevLett.110.246602}
}


@article{Kochan2014,
  title = {Spin Relaxation Mechanism in Graphene: Resonant Scattering by Magnetic Impurities},
  author = {Kochan, Denis and Gmitra, Martin and Fabian, Jaroslav},
  journal = {Phys. Rev. Lett.},
  volume = {112},
  issue = {11},
  pages = {116602},
  numpages = {5},
  year = {2014},
  month = {Mar},
  publisher = {American Physical Society},
  doi = {10.1103/PhysRevLett.112.116602},
  url = {http://link.aps.org/doi/10.1103/PhysRevLett.112.116602}
}



@article{Dietl2014,
  title = {Dilute ferromagnetic semiconductors: Physics and spintronic structures},
  author = {Dietl, Tomasz and Ohno, Hideo},
  journal = {Rev. Mod. Phys.},
  volume = {86},
  issue = {1},
  pages = {187--251},
  numpages = {65},
  year = {2014},
  month = {Mar},
  publisher = {American Physical Society},
  doi = {10.1103/RevModPhys.86.187},
  url = {http://link.aps.org/doi/10.1103/RevModPhys.86.187}
}


@article{Daybell1968,
  title = {Localized Magnetic Impurity States In Metals: Some Experimental Relationships},
  author = {Daybell, M. D. and Steyert, W. A.},
  journal = {Rev. Mod. Phys.},
  volume = {40},
  issue = {2},
  pages = {380--389},
  numpages = {0},
  year = {1968},
  month = {Apr},
  publisher = {American Physical Society},
  doi = {10.1103/RevModPhys.40.380},
  url = {http://link.aps.org/doi/10.1103/RevModPhys.40.380}
}



@article{Sato2010,
  title = {First-principles theory of dilute magnetic semiconductors},
  author = {Sato, K. and Bergqvist, L. and Kudrnovsk\'y, J. and Dederichs, P. H. and Eriksson, O. and Turek, I. and Sanyal, B. and Bouzerar, G. and Katayama-Yoshida, H. and Dinh, V. A. and Fukushima, T. and Kizaki, H. and Zeller, R.},
  journal = {Rev. Mod. Phys.},
  volume = {82},
  issue = {2},
  pages = {1633--1690},
  numpages = {0},
  year = {2010},
  month = {May},
  publisher = {American Physical Society},
  doi = {10.1103/RevModPhys.82.1633},
  url = {http://link.aps.org/doi/10.1103/RevModPhys.82.1633}
}



@article{Yazyev2007,
  title = {Defect-induced magnetism in graphene},
  author = {Yazyev, Oleg V. and Helm, Lothar},
  journal = {Phys. Rev. B},
  volume = {75},
  issue = {12},
  pages = {125408},
  numpages = {5},
  year = {2007},
  month = {Mar},
  publisher = {American Physical Society},
  doi = {10.1103/PhysRevB.75.125408},
  url = {http://link.aps.org/doi/10.1103/PhysRevB.75.125408}
}


@article{Yazyev2010,
  author={Oleg V Yazyev},
  title={Emergence of magnetism in graphene materials and nanostructures},
  journal={Reports on Progress in Physics},
  volume={73},
  number={5},
  pages={056501},
  url={http://stacks.iop.org/0034-4885/73/i=5/a=056501},
  year={2010},
}

@article{Nair2012,
  author = {Nair, R. R. and Sepioni, M. and Tsai, I-Ling and Lehtinen, O. and Keinonen, J. and Krasheninnikov, a. V. and Thomson, T. and Geim, a. K. and Grigorieva, I. V.},
  title = {{Spin-half paramagnetism in graphene induced by point defects}},
  journal = {Nature Physics},
  volume = {8},
  number = {3},
  pages = {199--202},
  year = {2012},
  publisher = {Nature Publishing Group},
  doi = {10.1038/nphys2183},
  url = {http://dx.doi.org/10.1038/nphys2183},
}



@article{Palacios2008,
  title = {Vacancy-induced magnetism in graphene and graphene ribbons},
  author = {Palacios, J. J. and Fern\'andez-Rossier, J. and Brey, L.},
  journal = {Phys. Rev. B},
  volume = {77},
  issue = {19},
  pages = {195428},
  numpages = {14},
  year = {2008},
  month = {May},
  publisher = {American Physical Society},
  doi = {10.1103/PhysRevB.77.195428},
  url = {http://link.aps.org/doi/10.1103/PhysRevB.77.195428}
}




@article{Fernandez2007,
  title = {Magnetism in Graphene Nanoislands},
  author = {Fern\'andez-Rossier, J. and Palacios, J. J.},
  journal = {Phys. Rev. Lett.},
  volume = {99},
  issue = {17},
  pages = {177204},
  numpages = {4},
  year = {2007},
  month = {Oct},
  publisher = {American Physical Society},
  doi = {10.1103/PhysRevLett.99.177204},
  url = {http://link.aps.org/doi/10.1103/PhysRevLett.99.177204}
}



@article{Sofo2012,
  title = {Magnetic structure of hydrogen-induced defects on graphene},
  author = {Sofo, J. O. and Usaj, Gonzalo and Cornaglia, P. S. and Suarez, A. M. and Hern\'andez-Nieves, A. D. and Balseiro, C. A.},
  journal = {Phys. Rev. B},
  volume = {85},
  issue = {11},
  pages = {115405},
  numpages = {10},
  year = {2012},
  month = {Mar},
  publisher = {American Physical Society},
  doi = {10.1103/PhysRevB.85.115405},
  url = {http://link.aps.org/doi/10.1103/PhysRevB.85.115405}
}



@article{balog2010bandgap,
  title={Bandgap opening in graphene induced by patterned hydrogen adsorption},
  author={Balog, Richard and J{\o}rgensen, Bjarke and Nilsson, Louis and Andersen, Mie and Rienks, Emile and Bianchi, Marco and Fanetti, Mattia and L{\ae}gsgaard, Erik and Baraldi, Alessandro and Lizzit, Silvano and others},
  journal={Nature materials},
  volume={9},
  number={4},
  pages={315--319},
  year={2010},
  publisher={Nature Publishing Group}
}



@article{Boukhvalov2008,
  title = {Hydrogen on graphene: Electronic structure, total energy, structural distortions and magnetism from first-principles calculations},
  author = {Boukhvalov, D. W. and Katsnelson, M. I. and Lichtenstein, A. I.},
  journal = {Phys. Rev. B},
  volume = {77},
  issue = {3},
  pages = {035427},
  numpages = {7},
  year = {2008},
  month = {Jan},
  publisher = {American Physical Society},
  doi = {10.1103/PhysRevB.77.035427},
  url = {http://link.aps.org/doi/10.1103/PhysRevB.77.035427}
}


@article{Duplock2004,
  title = {Hallmark of Perfect Graphene},
  author = {Duplock, Elizabeth J. and Scheffler, Matthias and Lindan, Philip J. D.},
  journal = {Phys. Rev. Lett.},
  volume = {92},
  issue = {22},
  pages = {225502},
  numpages = {4},
  year = {2004},
  month = {Jun},
  publisher = {American Physical Society},
  doi = {10.1103/PhysRevLett.92.225502},
  url = {http://link.aps.org/doi/10.1103/PhysRevLett.92.225502}
}


@article{zhou2009ferromagnetism,
  title={Ferromagnetism in semihydrogenated graphene sheet},
  author={Zhou, J and Wang, Q and Sun, Q and Chen, XS and Kawazoe, Y and Jena, P},
  journal={Nano letters},
  volume={9},
  number={11},
  pages={3867--3870},
  year={2009},
  publisher={ACS Publications}
}


@article{Konschuh2012,
  title = {Theory of spin-orbit coupling in bilayer graphene},
  author = {Konschuh, S. and Gmitra, M. and Kochan, D. and Fabian, J.},
  journal = {Phys. Rev. B},
  volume = {85},
  issue = {11},
  pages = {115423},
  numpages = {14},
  year = {2012},
  month = {Mar},
  publisher = {American Physical Society},
  doi = {10.1103/PhysRevB.85.115423},
  url = {http://link.aps.org/doi/10.1103/PhysRevB.85.115423}
}

@book{Katsnelson2012,
  author = {Katsnelson, Mikhail I},
  doi = {10.1007/s13398-014-0173-7.2},
  isbn = {9780874216561},
  issn = {0717-6163},
  pmid = {15003161},
  title = {{Graphene: Carbon in Two Dimensions}},
  year = {2012}
}

@book{libro-economou,
  author = {Economou, E. N.},
  booktitle = {Annals of Physics},
  isbn = {9783540288381},
  pages = {pp 477},
  title = {Green's Functions in Quantum Physics},
  year = {2006}
}


@article{nair2013dual,
  title={Dual origin of defect magnetism in graphene and its reversible switching by molecular doping},
  author={Nair, RR and Tsai, I-L and Sepioni, M and Lehtinen, O and Keinonen, J and Krasheninnikov, AV and Neto, AH Castro and Katsnelson, MI and Geim, AK and Grigorieva, IV},
  journal={Nature communications},
  volume={4},
  year={2013},
  publisher={Nature Publishing Group}
}


@article{PhysRevB.80.235431,
  title = {Band-structure topologies of graphene: Spin-orbit coupling effects from first principles},
  author = {Gmitra, M. and Konschuh, S. and Ertler, C. and Ambrosch-Draxl, C. and Fabian, J.},
  journal = {Phys. Rev. B},
  volume = {80},
  issue = {23},
  pages = {235431},
  numpages = {5},
  year = {2009},
  month = {Dec},
  publisher = {American Physical Society},
  doi = {10.1103/PhysRevB.80.235431},
  url = {http://link.aps.org/doi/10.1103/PhysRevB.80.235431}
}

