@FOOTNOTE{Note1,key="Note1",note="This vacancy in the effective model is different from a real vacancy in graphene, which entails the formation dangling bonds from the $sp^2$ orbitals, in addition to the removal of the $\pi $ orbital as well"}
